
<record>
  <controlfield tag="001">1430578</controlfield>
  <datafield tag="024" ind1="7" ind2=" ">
    <subfield code="a">10.22323/1.234.0225</subfield>
    <subfield code="2">DOI</subfield>
  </datafield>
  <datafield tag="035" ind1=" " ind2=" ">
    <subfield code="9">INSPIRETeX</subfield>
    <subfield code="a">Venditti:2015kkn</subfield>
  </datafield>
  <datafield tag="035" ind1=" " ind2=" ">
    <subfield code="9">DESY</subfield>
    <subfield code="z">DA16-kp12ap</subfield>
  </datafield>
  <datafield tag="035" ind1=" " ind2=" ">
    <subfield code="9">CDS</subfield>
    <subfield code="a">2159227</subfield>
  </datafield>
  <datafield tag="245" ind1=" " ind2=" ">
    <subfield code="a">Physics motivations and expected performance of the CMS muon system upgrade with triple-GEM detectors</subfield>
  </datafield>
  <datafield tag="710" ind1=" " ind2=" ">
    <subfield code="g">CMS GEM</subfield>
  </datafield>
</record>